@incollection{chapters/01,author={Tatiana Serbina and  Paula Niemietz and  Stella Neumann},title={Development of a keystroke logged translation corpus},booktitle={Change your booktitle in localmetadata.sty},editor={Change author in localmetadata.sty},publisher={Language Science Press},Address={Berlin},year=2014,pages={9--28},options={skipbib=true}}
@incollection{chapters/02,author={Effie Mouka and  Ioannis E. Saridakis and  Angeliki Fotopoulou},title={Racism Goes to the Movies: A corpus-driven study of cross-linguistic racist discourse annotation and translation analysis},booktitle={Change your booktitle in localmetadata.sty},editor={Change author in localmetadata.sty},publisher={Language Science Press},Address={Berlin},year=2014,pages={29--58},options={skipbib=true}}
@incollection{chapters/03,author={Uribarri and  Sanz and  Zubillaga},title={Building a trilingual parallel corpus to analyse literary translations from German into Basque},booktitle={Change your booktitle in localmetadata.sty},editor={Change author in localmetadata.sty},publisher={Language Science Press},Address={Berlin},year=2014,pages={59--79},options={skipbib=true}}
@incollection{chapters/04,author={Ekaterina Lapshinova-Koltunski},title={Variation in translation: Evidence from corpora},booktitle={Change your booktitle in localmetadata.sty},editor={Change author in localmetadata.sty},publisher={Language Science Press},Address={Berlin},year=2014,pages={79--97},options={skipbib=true}}
@incollection{chapters/05,author={Steven Doms},title={Non-Human Agents in Subject Position: Translation from English into Dutch - A corpus-based translation study of 'give' and 'show'},booktitle={Change your booktitle in localmetadata.sty},editor={Change author in localmetadata.sty},publisher={Language Science Press},Address={Berlin},year=2014,pages={97--118},options={skipbib=true}}
@incollection{chapters/06,author={Gianluca Pontrandolfo},title={Investigating judicial phraseology with COSPE: a contrastive corpus-based study},booktitle={Change your booktitle in localmetadata.sty},editor={Change author in localmetadata.sty},publisher={Language Science Press},Address={Berlin},year=2014,pages={119--136},options={skipbib=true}}
